<record xmlns="http://www.loc.gov/MARC21/slim" xmlns:xsi="http://www.w3.org/2001/XMLSchema-instance" xsi:schemaLocation="http://www.loc.gov/MARC21/slim http://www.loc.gov/standards/marcxml/schema/MARC21slim.xsd"><leader>02643nam a2200469   4500</leader><controlfield tag="001">3235925</controlfield><controlfield tag="003">NNC</controlfield><controlfield tag="006">m        d        </controlfield><controlfield tag="007">cr cn |||m|||a</controlfield><controlfield tag="008">150110s1939    ua a    o     000 0 ara d</controlfield><datafield ind1=" " ind2=" " tag="040"><subfield code="a">NNU</subfield><subfield code="b">eng</subfield><subfield code="e">rda</subfield><subfield code="c">NNU</subfield></datafield><datafield ind1=" " ind2="4" tag="050"><subfield code="a">QA32</subfield><subfield code="b">.K45</subfield></datafield><datafield ind1="1" ind2=" " tag="100"><subfield code="6">880-01</subfield><subfield code="a">Khuwa&#772;rizmi&#772;, Muh&#803;ammad ibn Mu&#772;sa&#769;,</subfield><subfield code="d">active 813-846.</subfield></datafield><datafield ind1="1" ind2="0" tag="245"><subfield code="6">880-02</subfield><subfield code="a">Kita&#772;b al-jabr wa-al-muqa&#772;balah.</subfield><subfield code="c">li-Muh&#803;ammad din Mu&#772;sa&#772; al-Khawa&#772;rizmi&#772;; qama bi-taqdi&#772;m wa-ta&#699;li&#772;q &#699;Ali&#772; Mus&#803;t&#803;afa&#772; Musharrafah wa-Muh&#803;ammad Mursi&#772; Ah&#803;mad.</subfield></datafield><datafield ind1=" " ind2=" " tag="260"><subfield code="6">880-03</subfield><subfield code="a">al-Qa&#772;hirah,</subfield><subfield code="b">al-Ja&#772;mi&#699;ah al-Mis&#803;ri&#772;yah,</subfield><subfield code="c">1939.</subfield></datafield><datafield ind1=" " ind2=" " tag="300"><subfield code="a">online resource (106 pages) :</subfield><subfield code="b">illustrations</subfield></datafield><datafield ind1=" " ind2=" " tag="336"><subfield code="a">text</subfield><subfield code="2">rdacontent</subfield></datafield><datafield ind1=" " ind2=" " tag="337"><subfield code="a">computer</subfield><subfield code="2">rdamedia</subfield></datafield><datafield ind1=" " ind2=" " tag="338"><subfield code="a">online resource</subfield><subfield code="2">rdacarrier</subfield></datafield><datafield ind1="1" ind2=" " tag="490"><subfield code="6">880-04</subfield><subfield code="a">al-Ja&#772;mi&#699;ah al-Mis&#803;ri&#772;yah. Kulli&#772;yat al-&#699;Ulu&#772;m. Publications</subfield><subfield code="v">no. 2</subfield></datafield><datafield ind1=" " ind2=" " tag="500"><subfield code="a">Part of the Arabic Collections Online (ACO) project, contributed by Columbia University Libraries.</subfield></datafield><datafield ind1=" " ind2=" " tag="533"><subfield code="a">Electronic reproduction.</subfield><subfield code="b">New York, N.Y. :</subfield><subfield code="c">New York University,</subfield><subfield code="d">2015.</subfield><subfield code="5">NNU</subfield></datafield><datafield ind1=" " ind2="0" tag="650"><subfield code="a">Mathematics, Arab.</subfield></datafield><datafield ind1=" " ind2="7" tag="650"><subfield code="a">Mathematics, Arab.</subfield><subfield code="2">fast</subfield><subfield code="0">(OCoLC)fst01012356</subfield></datafield><datafield ind1="1" ind2=" " tag="700"><subfield code="6">880-05</subfield><subfield code="a">Musharrafah, &#699;Ali&#772; Mus&#803;t&#803;afa&#769;,</subfield><subfield code="e">editor.</subfield></datafield><datafield ind1="1" ind2=" " tag="700"><subfield code="6">880-06</subfield><subfield code="a">Ah&#803;mad, Muh&#803;ammad Mursi&#772;,</subfield><subfield code="e">editor.</subfield></datafield><datafield ind1="2" ind2=" " tag="710"><subfield code="a">Columbia University.</subfield><subfield code="b">Libraries.</subfield></datafield><datafield ind1="0" ind2=" " tag="730"><subfield code="a">Arabic Collections Online.</subfield></datafield><datafield ind1="2" ind2=" " tag="740"><subfield code="6">880-07</subfield><subfield code="a">jabr wa-al-muqa&#772;balah.</subfield></datafield><datafield ind1="0" ind2="8" tag="776"><subfield code="i">Print version:</subfield><subfield code="a">Khuwa&#772;rizmi&#772;, Muh&#803;ammad ibn Mu&#772;sa&#769;, active 813-846.</subfield><subfield code="t">Kita&#772;b al-jabr wa-al-muqa&#772;balah</subfield><subfield code="w">(NNC)3235925</subfield><subfield code="w">(OCoLC)23484739</subfield></datafield><datafield ind1="0" ind2=" " tag="810"><subfield code="6">880-08</subfield><subfield code="a">Ja&#772;mi&#699;at al-Qa&#772;hirah.</subfield><subfield code="b">Kulli&#772;yat al-&#699;Ulu&#772;m.</subfield><subfield code="t">Publications ;</subfield><subfield code="v">no. 2.</subfield></datafield><datafield ind1="4" ind2="0" tag="856"><subfield code="u">http://hdl.handle.net/2333.1/vt4b8jr9</subfield></datafield><datafield ind1="1" ind2=" " tag="880"><subfield code="6">100-01/r</subfield><subfield code="a">&#1582;&#1608;&#1575;&#1585;&#1586;&#1605;&#1610;&#1548; &#1605;&#1581;&#1605;&#1583; &#1576;&#1606; &#1605;&#1608;&#1587;&#1609;&#1548;</subfield><subfield code="d">active 813-846.</subfield></datafield><datafield ind1="1" ind2="0" tag="880"><subfield code="6">245-02/r</subfield><subfield code="a">&#1603;&#1578;&#1575;&#1576; &#1575;&#1604;&#1580;&#1576;&#1585; &#1608;&#1575;&#1604;&#1605;&#1602;&#1575;&#1576;&#1604;&#1577; /</subfield><subfield code="c">&#1604;&#1605;&#1581;&#1605;&#1583; &#1576;&#1606; &#1605;&#1608;&#1587;&#1609; &#1575;&#1604;&#1582;&#1608;&#1575;&#1585;&#1586;&#1605;&#1610; &#1563; &#1602;&#1575;&#1605; &#1576;&#1578;&#1602;&#1583;&#1610;&#1605;&#1607; &#1608;&#1575;&#1604;&#1578;&#1593;&#1604;&#1610;&#1602; &#1593;&#1604;&#1610;&#1607; &#1593;&#1604;&#1610; &#1605;&#1589;&#1591;&#1601;&#1609; &#1605;&#1588;&#1585;&#1601;&#1577; &#1608;&#1605;&#1581;&#1605;&#1583; &#1605;&#1585;&#1587;&#1610; &#1571;&#1581;&#1605;&#1583;.</subfield></datafield><datafield ind1=" " ind2=" " tag="880"><subfield code="6">260-03/r</subfield><subfield code="a">[&#1575;&#1604;&#1602;&#1575;&#1607;&#1585;&#1577;] :&#1575;&#1604;&#1580;&#1575;&#1605;&#1593;&#1577; &#1575;&#1604;&#1605;&#1589;&#1585;&#1610;&#1577;&#1548; &#1603;&#1604;&#1610;&#1577; &#1575;&#1604;&#1593;&#1604;&#1608;&#1605;&#1548;</subfield><subfield code="c">1939.</subfield></datafield><datafield ind1="1" ind2=" " tag="880"><subfield code="6">490-04/r</subfield><subfield code="a">&#1575;&#1604;&#1580;&#1575;&#1605;&#1593;&#1577; &#1575;&#1604;&#1605;&#1589;&#1585;&#1610;&#1577;&#1548; &#1603;&#1604;&#1610;&#1577; &#1575;&#1604;&#1593;&#1604;&#1608;&#1605; &#1563;</subfield><subfield code="v">no. 2.</subfield></datafield><datafield ind1="1" ind2=" " tag="880"><subfield code="6">700-05/r</subfield><subfield code="a">&#1605;&#1588;&#1585;&#1601;&#1577;&#1548; &#1593;&#1604;&#1610; &#1605;&#1589;&#1591;&#1601;&#1609;&#1548;,</subfield><subfield code="d">1898-1950.</subfield></datafield><datafield ind1="1" ind2=" " tag="880"><subfield code="6">700-06/r</subfield><subfield code="a">&#1571;&#1581;&#1605;&#1583;&#1548; &#1605;&#1581;&#1605;&#1583; &#1605;&#1585;&#1587;&#1610;.</subfield></datafield><datafield ind1="2" ind2=" " tag="880"><subfield code="6">740-07/r</subfield><subfield code="a">&#1580;&#1576;&#1585; &#1608;&#1575;&#1604;&#1605;&#1602;&#1575;&#1576;&#1604;&#1577;.</subfield></datafield><datafield ind1="0" ind2=" " tag="880"><subfield code="6">810-08/r</subfield><subfield code="a">&#1580;&#1575;&#1605;&#1593;&#1577; &#1575;&#1604;&#1602;&#1575;&#1607;&#1585;&#1577;.</subfield><subfield code="b">&#1603;&#1604;&#1610;&#1577; &#1575;&#1604;&#1593;&#1604;&#1608;&#1605;.</subfield><subfield code="t">Publications ;</subfield><subfield code="v">no. 2.</subfield></datafield><datafield ind1=" " ind2=" " tag="959"><subfield code="a">NNU</subfield><subfield code="b">WEB</subfield><subfield code="c">GENI</subfield><subfield code="t">0</subfield><subfield code="m">Electronic access</subfield><subfield code="s">01</subfield></datafield><datafield ind1=" " ind2=" " tag="999"><subfield code="i">NNC_3235925</subfield><subfield code="o">(OCoLC)23484739</subfield><subfield code="e">OK</subfield></datafield></record>